@Article{Chow23,
  author        = "Yiu Wai Chow and Max Schafer and Michael Pradel",
  title         = "Beware of the Unexpected: Bimodal Taint Analysis",
  journal       = "ISSTA",
  volume        = "",
  number        = "",
  month         = jul,
  year          = "2023",
  pages         = "211--222",
  doi           = "10.1145/3597926.3598050",
  url           = "https://dl.acm.org/doi/10.1145/3597926.3598050",
  note          = "",
}